@article{Lieberman1989,
  title={Dynamics of a collisional, capacitive rf sheath},
  author={M A Lieberman},
  journal={IEEE Transactions on Plasma Science},
  volume={17},
  number={2},
  pages={338-341},
  year={1989}
}



@article{Lieberman1988,
  title={Analytical solution for capacitive RF sheath},
  author={M A Lieberman},
  journal={IEEE Transactions on Plasma Science},
  volume={16},
  number={6},
  pages={638-644},
  year={1988}
}


@article{Wild1991,
  title={Ion and electron dynamics in the sheath of radio-frequency glow discharges},
  author={C Wild and P Koidl},
  journal={Journal of Applied Physics},
  volume={69},
  number={5},
  pages={2909-2922},
  year={1991}
}




@article{Wild1989,
  title={Structured ion energy distribution in radio frequency glow-discharge systems},
  author={C Wild and P Koidl},
  journal={Applied Physics Letters},
  volume={54},
  number={6},
  pages={505-507},
  year={1989}
}





@article{Bohm1993,
  title={Retarding-field analyzer for measurements of ion energy distributions and secondary electron emission coefficients in low-pressure radio frequency discharges},
  author={B Bohm and J Perrin},
  journal={Review of Scientific Instruments},
  volume={64},
  number={1},
  pages={31-44},
  year={1993}
}






@article{Ries2021,
  title={Relative calibration of a retarding field energy analyzer sensor array for spactially resolved measurements of the ion flux and ion energy in low temperature plasmas},
  author={S Ries and M Schroeder and M Woestefeld and C Corbella and I Korolov and P Awakowicz and J Schulze},
  journal={Review of Scientific Instruments},
  volume={92},
  number={},
  pages={103503},
  year={2021}
}




@article{vandeVen2018,
  title={Analysis of retarding field energy analyzer transmission by simulation of ion trajectories},
  author={T H M van de Ven and C A de Meijere and R M van der Horst and M van Kampen and V Y Banine and J Beckers},
  journal={Review of Scientific Instruments},
  volume={89},
  number={},
  pages={043501},
  year={2018}
}



@article{Denieffe2011,
  title={Retarding field energy analyser ion current calibration and transmission},
  author={K Denieffe and C M O Mahony and P D Maguire and D Gahan and M B Hopkins},
  journal={Journal of Physics D: Applied Physics},
  volume={44},
  number={},
  pages={075205},
  year={2011}
}



@article{Baloniak2010,
  title={Calibration of a miniaturized retarding field analyzer for low-termperature plasmas: geometrical transparency and collisional effect},
  author={T Baloniak and R Reuter and C Flotgen and A von Keudell},
  journal={Journal of Physics D: Applied Physics},
  volume={43},
  number={},
  pages={055203},
  year={2010}
}





@article{Sharma2015,
  title={Ion angle distribution measurement with a planar retarding field analyzer},
  author={S Sharma and D Gahan and P Scullin and S Daniels and M B Hopkins},
  journal={Review of Scientific Instruments},
  volume={86},
  number={},
  pages={113501},
  year={2015}
}




@article{Sharma2014,
  title={A spatially resolved retarding field energy analyzer design suitable for uniformity analysis across the surface of a semiconductor wafer},
  author={S Sharma and D Gahan and S Kechkar and S Daniels and M B Hopkins},
  journal={Review of Scientific Instruments},
  volume={85},
  number={},
  pages={043509},
  year={2014}
}





@article{Haass2015,
  title={Silicon etching in a pulsed HBr/O2 plasma. I. Ion flux and energy analysis},
  author={M Haass and M Darnon and G Cunge and O Joubert and D Gahan},
  journal={Journal of Vacuum Science and Technology B},
  volume={33},
  number={3},
  pages={032202-1},
  year={2015}
}




@article{Goedheer2000,
  title={Lecture notes on radio-frequency discharges, dc potentials, ion and electron energy distributions},
  author={W J Goedheer},
  journal={Plasma Sources Science and Technology},
  volume={9},
  number={},
  pages={507-516},
  year={2000}
}



@article{Velasquez-Garcia2022,
  title={Review of in-space plasma diagnostics for studying the Earth's ionosphere},
  author={L F Velasquez-Garcia and J Izquierdo-Reyes and H Kim},
  journal={Journal of Physics D: Applied Physics},
  volume={55},
  number={},
  pages={263001},
  year={2022}
}




@book{Lieberman2005,
title={Principles of plasma discharges and materials processing},
author={M A Lieberman and A J Lichtenberg},
year={2005},
publisher={Wiley},
edition={2nd}
}




@book{Hutchinson1987,
title={Principles of plasma diagnostics},
author={I H Hutchinson},
year={1987},
publisher={Cambridge University Press},
edition={}
}




@phdthesis{Buiter2018,
author={J W Buiter},
title={Functional analysis of retarding field energy analyzers for ion energy distribution measurements in plasma enhanced atomic layer deposition},
school={Eindhoven University of Technology},
year={2018}
}




@article{Phelps1994,
title={The application of scattering cross sections to ion flux models in discharge sheaths},
  author={A V Phelps},
  journal={Journal of Applied Physics},
  volume={76},
  number={},
  pages={747},
  year={1994}
}




@misc{LXCat,
    title = {LXCat Database},
    howpublished = {\url{http://www.lxcat.net}}
}




@article{Davis1963,
title={Ion energies at the cathode of a glow discharge},
  author={W D Davis and T A Vanderslice},
  journal={Physical Review},
  volume={131},
  number={1},
  pages={219-228},
  year={1963}
}




@article{Robiche2003,
title={Analytical model of a dual frequency capacitive sheath},
  author={J Robiche and P C Boyle and M M Turner and A R Ellingboe},
  journal={Journal of Physics D: Applied Physics},
  volume={36},
  number={},
  pages={1810-1816},
  year={2003}
}
